<?xml version="1.0" encoding="utf-8"?>
<Document xmlns:xsi="http://www.w3.org/2001/XMLSchema-instance" xmlns:xsd="http://www.w3.org/2001/XMLSchema" xmlns="urn:iso:std:iso:20022:tech:xsd:pain.001.001.03">
  <CstmrCdtTrfInitn>
    <GrpHdr>
      <MsgId>3973</MsgId>
      <CreDtTm>2024-12-07T17:50:10</CreDtTm>
      <NbOfTxs>22</NbOfTxs>
      <CtrlSum>887442.74</CtrlSum>
      <InitgPty>
        <Nm>Edda Wind I AS</Nm>
        <Id>
          <OrgId>
            <Othr>
              <Id>ABN_ISO20022</Id>
              <SchmeNm>
                <Cd>CUST</Cd>
              </SchmeNm>
            </Othr>
          </OrgId>
        </Id>
      </InitgPty>
    </GrpHdr>
		<!-- Example of International IBAN-payment -->
    <PmtInf>
      <PmtInfId>3973.1</PmtInfId>
      <PmtMtd>TRF</PmtMtd>
      <BtchBookg>false</BtchBookg>
      <CtrlSum>7671.00</CtrlSum>
      <PmtTpInf>
        <InstrPrty>NORM</InstrPrty>
        <SvcLvl>
          <Cd>NURG</Cd>
        </SvcLvl>
      </PmtTpInf>
      <ReqdExctnDt>2024-12-07</ReqdExctnDt>
      <Dbtr>
        <Nm>Edda Wind I AS</Nm>
        <PstlAdr>
          <Ctry>NL</Ctry>
        </PstlAdr>
        <Id>
          <OrgId>
            <Othr>
              <Id>ABN_ISO20022</Id>
            </Othr>
          </OrgId>
        </Id>
      </Dbtr>
      <DbtrAcct>
        <Id>
          <IBAN>NL81ABNA0889936951</IBAN>
        </Id>
        <Ccy>NOK</Ccy>
      </DbtrAcct>
      <DbtrAgt>
        <FinInstnId>
          <BIC>ABNANL2AXXX</BIC>
        </FinInstnId>
      </DbtrAgt>
      <ChrgBr>SHAR</ChrgBr>
      <CdtTrfTxInf>
        <PmtId>
          <InstrId>3973.1</InstrId>
          <EndToEndId>3973.1</EndToEndId>
        </PmtId>
        <PmtTpInf>
          <InstrPrty>NORM</InstrPrty>
          <SvcLvl>
            <Cd>NURG</Cd>
          </SvcLvl>
        </PmtTpInf>
        <Amt>
          <InstdAmt Ccy="NOK">7671.00</InstdAmt>
        </Amt>
        <CdtrAgt>
          <FinInstnId>
            <BIC>DNBANOKKXXX</BIC>
            <PstlAdr>
              <Ctry>NO</Ctry>
            </PstlAdr>
          </FinInstnId>
        </CdtrAgt>
        <Cdtr>
          <Nm>Berg Hansen Arriva As</Nm>
          <PstlAdr>
            <StrtNm>Birkelandsveien 2</StrtNm>
            <PstCd>5392</PstCd>
            <TwnNm>Storebø</TwnNm>
            <Ctry>NO</Ctry>
          </PstlAdr>
        </Cdtr>
        <CdtrAcct>
          <Id>
            <IBAN>NO5552810512210</IBAN>
          </Id>
        </CdtrAcct>
        <RgltryRptg>
          <Dtls>
            <Cd>14</Cd>
            <Amt Ccy="NOK">7671.00</Amt>
            <Inf>Skipsutgifter</Inf>
          </Dtls>
        </RgltryRptg>
        <RmtInf>
          <Ustrd>274747</Ustrd>
        </RmtInf>
      </CdtTrfTxInf>
    </PmtInf>
	<!-- Example of Domestic Payment -->
    <PmtInf>
      <PmtInfId>3973.10</PmtInfId>
      <PmtMtd>TRF</PmtMtd>
      <BtchBookg>false</BtchBookg>
      <CtrlSum>78086.12</CtrlSum>
      <PmtTpInf>
        <InstrPrty>NORM</InstrPrty>
        <SvcLvl>
          <Cd>NURG</Cd>
        </SvcLvl>
      </PmtTpInf>
      <ReqdExctnDt>2024-12-07</ReqdExctnDt>
      <Dbtr>
        <Nm>Edda Wind I AS</Nm>
        <PstlAdr>
          <Ctry>NL</Ctry>
        </PstlAdr>
        <Id>
          <OrgId>
            <Othr>
              <Id>ABN_ISO20022</Id>
            </Othr>
          </OrgId>
        </Id>
      </Dbtr>
      <DbtrAcct>
        <Id>
          <IBAN>NL20ABNA0889937079</IBAN>
        </Id>
        <Ccy>EUR</Ccy>
      </DbtrAcct>
      <DbtrAgt>
        <FinInstnId>
          <BIC>ABNANL2AXXX</BIC>
        </FinInstnId>
      </DbtrAgt>
      <ChrgBr>SHAR</ChrgBr>
      <CdtTrfTxInf>
        <PmtId>
          <InstrId>3973.10</InstrId>
          <EndToEndId>3973.10</EndToEndId>
        </PmtId>
        <PmtTpInf>
          <InstrPrty>NORM</InstrPrty>
          <SvcLvl>
            <Cd>NURG</Cd>
          </SvcLvl>
        </PmtTpInf>
        <Amt>
          <InstdAmt Ccy="USD">78086.12</InstdAmt>
        </Amt>
        <CdtrAgt>
          <FinInstnId>
            <BIC>CHASSGSG</BIC>
            <PstlAdr>
              <Ctry>SG</Ctry>
            </PstlAdr>
          </FinInstnId>
        </CdtrAgt>
        <Cdtr>
          <Nm>Mercator Crewing, Inc</Nm>
          <PstlAdr>
            <StrtNm>Centennial Tower Level 21</StrtNm>
            <PstCd>039190</PstCd>
            <TwnNm>Singapore</TwnNm>
            <Ctry>SG</Ctry>
          </PstlAdr>
        </Cdtr>
        <CdtrAcct>
          <Id>
            <Othr>
              <Id>8830049791</Id>
              <SchmeNm>
                <Cd>BBAN</Cd>
              </SchmeNm>
            </Othr>
          </Id>
        </CdtrAcct>
        <RgltryRptg>
          <Dtls>
            <Cd>14</Cd>
            <Amt Ccy="USD">78086.12</Amt>
            <Inf>Skipsutgifter</Inf>
          </Dtls>
        </RgltryRptg>
        <RmtInf>
          <Ustrd>24 10 2952,24 11 2983</Ustrd>
        </RmtInf>
      </CdtTrfTxInf>
    </PmtInf>
  </CstmrCdtTrfInitn>
</Document>